@book{Liu:2000:RS:518501,
 author = {Liu, Jane W. S. W.},
 title = {Real-Time Systems},
 year = {2000},
 isbn = {0130996513},
 edition = {1st},
 publisher = {Prentice Hall PTR},
 address = {Upper Saddle River, NJ, USA}
}

